@techreport{中国互联网络信息中心2018第,
	title={中国互联网络发展状况统计报告},
	author={中国互联网络信息中心},
	year={2018},
	address={北京},
	publisher={中华人民共和国国家互联网信息办公室}
}

@book{rosenfeld2002information,
  title={Information architecture for the world wide web},
  author={Rosenfeld, Louis and Morville, Peter},
  year={2002},
  publisher={" O'Reilly Media, Inc."}
}

@book{arnold2005java,
  title={The Java programming language},
  author={Arnold, Ken and Gosling, James and Holmes, David},
  year={2005},
  publisher={Addison Wesley Professional}
}

@book{williams2014professional,
  title={Professional Java for web applications},
  author={Williams, Nicholas S},
  year={2014},
  publisher={John Wiley \& Sons}
}

@book{johnson2004expert,
  title={Expert one-on-one J2EE design and development},
  author={Johnson, Rod},
  year={2004},
  publisher={John Wiley \& Sons}
}

@book{walls2005spring,
  title={Spring in action},
  author={Walls, Craig and Breidenbach, Ryan},
  year={2013},
  publisher={Dreamtech Press}
}

@book{walls2016spring,
  title={Spring Boot in action},
  author={Walls, Craig},
  year={2016},
  publisher={Manning Publications}
}

@phdthesis{王珊2006数据库系统概论,
  title={数据库系统概论},
  author={王珊 and 萨师煊},
  year={2006},
  school={北京}
}

@article{codd1970relational,
  title={A relational model of data for large shared data banks},
  author={Codd, Edgar F},
  journal={Communications of the ACM},
  volume={13},
  number={6},
  pages={377--387},
  year={1970},
  publisher={ACM}
}

@article{bachman1972evolution,
  title={The evolution of storage structures},
  author={Bachman, Charles W},
  journal={Communications of the ACM},
  volume={15},
  number={7},
  pages={628--634},
  year={1972},
  publisher={ACM}
}

@article{strauch2011nosql,
  title={NoSQL databases},
  author={Strauch, Christof and Sites, Ultra-Large Scale and Kriha, Walter},
  journal={Lecture Notes, Stuttgart Media University},
  volume={20},
  year={2011}
}

@book{万帅2014新一代高效视频编码,
  title={新一代高效视频编码 H. 265/HEVC: 原理, 标准与实现},
  author={万帅},
  year={2014},
  publisher={电子工业出版社},
	address={北京}
}


@book{gamma1995design,
  title={Design patterns: elements of reusable object-oriented software},
  author={Gamma, Erich},
  year={1995},
  publisher={Pearson Education India}
}

@book{prasanna2009dependency,
  title={Dependency injection},
  author={Prasanna, Dhanji R},
  year={2009},
  publisher={Manning}
}

@incollection{gutierrez2019spring,
  title={Spring Framework 5},
  author={Gutierrez, Felipe},
  booktitle={Pro Spring Boot 2},
  pages={1--30},
  year={2019},
  publisher={Springer}
}

@online{spring2019,
	title={Spring Framework Documentation},
	author={Pivotal},
	year={2019},
	edition={5.1.7}
}

@book{ullman1984principles,
  title={Principles of database systems},
  author={Ullman, Jeffrey D},
  year={1984},
  publisher={Galgotia publications}
}

@book{姜承尧2011mysql,
  title={MySQL 技术内幕: InnoDB 存储引擎},
  author={姜承尧},
  year={2011},
  publisher={机械工业出版社},
	address={北京}
}

@book{schwartz2012high,
  title={High performance MySQL: optimization, backups, and replication},
  author={Schwartz, Baron and Zaitsev, Peter and Tkachenko, Vadim},
  year={2012},
  publisher={" O'Reilly Media, Inc."}
}

@book{wiederhold1983database,
  title={Database design},
  author={Wiederhold, Gio},
  volume={1077},
  year={1983},
  publisher={McGraw-Hill New York}
}

@book{richardson2004h,
  title={H. 264 and MPEG-4 video compression: video coding for next-generation multimedia},
  author={Richardson, Iain E},
  year={2004},
  publisher={John Wiley \& Sons}
}

@book{毕厚杰2005新一代视频压缩编码标准,
  title={新一代视频压缩编码标准——H. 264/AVC},
  author={毕厚杰},
  year={2005},
  publisher={人民邮电出版社},
	address={北京}
}

@article{codd1972further,
  title={Further normalization of the data base relational model},
  author={Codd, Edgar F},
  journal={Data base systems},
  pages={33--64},
  year={1972},
  publisher={Prentice-Hall}
}

@article{bernstein1976synthesizing,
  title={Synthesizing third normal form relations from functional dependencies},
  author={Bernstein, Philip A},
  journal={ACM Transactions on Database Systems (TODS)},
  volume={1},
  number={4},
  pages={277--298},
  year={1976},
  publisher={ACM}
}

@online{ffmpeg2019,
	title={FFmpeg Documentation},
	author={ffmpeg development community},
	year={2019},
}

@book{严蔚敏2002数据结构,
  title={数据结构: C 语言版},
  author={严蔚敏 and 吴伟民},
  year={2002},
  publisher={清华大学出版社},
	address={北京}
}

@online{sysbench2019,
	title={Sysbench Documentation},
	author={akopytov},
	year={2019},
	edition={1.0.17}
}

@online{mysql2019,
	title={MySQL 8.0 Reference Manual},
	author={Oracle},
	year={2019},
	edition={8.0}
}