% Encoding: UTF-8

@Proceedings{2019,
  title     = {2018中国互联网流量年度数据报告},
  year      = {2019},
  publisher = {上海艾瑞市场咨询有限公司},
  booktitle = {艾瑞咨询系列研究报告},
}

@Article{基于J2EE的分布式系统开发的关键技术,
  author  = {张翔 and 席奇},
  title   = {基于J2EE的分布式系统开发的关键技术},
  journal = {电子技术与软件工程},
  year    = {2018(19)},
  pages   = {52},
}

@Book{Horstmann2016,
  title     = {Java 核心技术},
  publisher = {机械工业出版社},
  year      = {2016},
  author    = {Cay S. Horstmann},
  address   = {北京},
  pages     = {598},
}

@Manual{java8,
  title        = {{JavaEE8 Documentation}},
  organization = {Oracle},
  year         = {2017},
}

@Book{Warin2017,
  title     = {Mastering in Spring MVC 4},
  publisher = {人民邮电出版社},
  year      = {2017},
  author    = {Geoffroy Warin},
  address   = {北京},
  pages     = {33},
}

@Book{BillBurke2007,
  title     = {{Enterprise JavaBeans 3.0}},
  publisher = {电子工业出版社},
  year      = {2007},
  author    = {Bill Burke and Richard Monson-haefel},
  address   = {北京},
  chapter   = {1. Introduction},
  pages     = {3},
}

@Book{Johnson2004,
  title     = {{Expert One-on-One J2EE Development without EJB}},
  publisher = {Wrox},
  year      = {2004},
  author    = {Rod Johnson},
  pages     = {3},
}

@Book{Walls2016,
  title     = {{Spring in Action}},
  publisher = {人民邮电出版社},
  year      = {2016},
  author    = {Craig Walls},
  address   = {北京},
  pages     = {27},
}

@Book{EricFreeman2007,
  title     = {Head First设计模式},
  publisher = {中国电力出版社},
  year      = {2007},
  author    = {Eric Freeman and Elisabeth Freeman},
  address   = {北京},
  isbn      = {9787508353937},
}

@Book{Gamma2007,
  title     = {设计模式：可复用面向对象软件的基础},
  publisher = {机械工业出版社},
  year      = {2007},
  author    = {Erich Gamma and Richard Helm and Ralph Johnson and John Vlissides},
  address   = {北京},
}

@Manual{Spring2018,
  title        = {{Spring Framework Documentation}},
  organization = {Pivotal Software},
  year         = {2018},
}

@Book{王福强2009,
  title     = {Spring 揭秘},
  publisher = {人民邮电出版社},
  year      = {2009},
  author    = {王福强},
  address   = {北京},
}

@Book{Walls2016a,
  title     = {{SpringBoot in Action}},
  publisher = {人民邮电出版社},
  year      = {2016},
  author    = {Craig Walls},
  address   = {北京},
}

@Book{DB2014,
  title     = {数据库系统概论},
  publisher = {高等教育出版社},
  year      = {2014},
  author    = {王姗 and 萨师煊},
  address   = {北京},
}

@Book{杨开振2018,
  title     = {深入浅出 SpringBoot 2.X},
  publisher = {人民邮电出版社},
  year      = {2018},
  author    = {杨开振},
  address   = {北京},
}

@Book{竹下隆史2013,
  title     = {图解TCP/IP},
  publisher = {人民邮电出版社},
  year      = {2013},
  author    = {竹下隆史 and 村山公保 and 田幸雄 and 荒井透苅},
  address   = {北京},
}

@Comment{jabref-meta: databaseType:bibtex;}
